<?xml version="1.0" encoding="UTF-8"?><record xmlns="http://www.loc.gov/MARC21/slim" xmlns:cinclude="http://apache.org/cocoon/include/1.0" xmlns:zs="http://www.loc.gov/zing/srw/">
  <leader>00406nz  a2200133n  4500</leader>
  <controlfield tag="001">no2001094185</controlfield>
  <controlfield tag="003">DLC</controlfield>
  <controlfield tag="005">20011129071052.0</controlfield>
  <controlfield tag="008">011128n| acannaabn          |n aaa     c</controlfield>
  <datafield tag="010" ind1=" " ind2=" ">
    <subfield code="a">no2001094185</subfield>
  </datafield>
  <datafield tag="035" ind1=" " ind2=" ">
    <subfield code="a">(OCoLC)oca05634664</subfield>
  </datafield>
  <datafield tag="040" ind1=" " ind2=" ">
    <subfield code="a">MnManS</subfield>
    <subfield code="b">eng</subfield>
    <subfield code="c">MnManS</subfield>
  </datafield>
  <datafield tag="100" ind1="1" ind2=" ">
    <subfield code="a">Paredes, Mabel I.</subfield>
  </datafield>
  <datafield tag="670" ind1=" " ind2=" ">
    <subfield code="a">Perception of intercultural communication competence at Mankato State University, 1996</subfield>
    <subfield code="b">(Mabel I. Paredes)</subfield>
  </datafield>
</record>